Untuk setiap referensi, baris pertama (newton1687) merupakan label dan baris-baris berikutnya
merupakan atribut dari referensi yang akan digunakan. Umumnya, format referensi berikut sudah
disediakan oleh penyedia sumber referensi secara online dan bisa langsung ditaruh di sini.

Lihat https://www.bibtex.com/g/bibtex-format/ untuk informasi lebih lanjut mengenai format
BibTex yang digunakan pada file ini.

@article{newton1687,
  author  = {Isaac Newton},
  journal = {Philosophiæ Naturalis Principia Mathematica},
  title   = {Axioms or Laws of Motion},
  year    = {1687}
}

@misc{roketluarangkasa,
  title   = {Roket Luar Angkasa Discovery},
  year    = 2021,
  url     = {https://airandspace.si.edu/explore-and-learn/topics/discovery/about.cfm},
  urldate = {2021-02-03}}



  @book{PLN2024,
  title     = {Buku Statistik PLN 2024},
  author    = {Perusahaan Listrik Negara (PLN)},
  year      = {2025},
  publisher = {Perusahaan Listrik Negara (PLN)},
  address   = {Jakarta},
  month     = {1}
}


% BAB 1
@article{Bailey2022,
  author  = {Bailey, Rachel C. and Leonhardt, Roman and Möstl, Christian and Beggan, Ciaran and Reiss, Martin A. and Bhaskar, Abhijit and Weiss, Alexander J.},
  title   = {Forecasting GICs and Geoelectric Fields from Solar Wind Data Using LSTMs: Application in Austria},
  journal = {Space Weather},
  year    = {2022},
  volume  = {20},
  number  = {3},
  pages   = {e2021SW002907},
  doi     = {10.1029/2021SW002907}
}

@article{Aksenovich2022,
  author  = {Aksenovich, T. and Bilin, V. and Saharov, Y. and Selivanov, V. N.},
  title   = {Wavelet analysis of geomagnetically induced currents during the strong geomagnetic storms},
  journal = {Russian Journal of Earth Sciences},
  year    = {2022},
  pages   = {1-12},
  doi     = {10.2205/2022es000825}
}

@article{Kalathiripi2017,
  author  = {Kalathiripi, H. and Karmakar, S.},
  title   = {Analysis of transformer oil degradation due to thermal stress using optical spectroscopic techniques},
  journal = {International Transactions on Electrical Energy Systems},
  year    = {2017},
  volume  = {27},
  issue   = {9},
  pages   = {e2346},
  doi     = {10.1002/etep.2346}
}

@article{Li2017,
  author  = {Li, B. and Lu, N. and He, Y.},
  title   = {The contact performance analysis of disconnecting switch's fixed contact},
  journal = {Proceedings of the 2017 International Conference on Electronic Industry and Automation (EIA 2017)},
  year    = {2017},
  doi     = {10.2991/eia-17.2017.13}
}

@article{ASUMO2023,
  title    = {ASUMO Project: All the way from design to maintenance},
  author   = {Redeia},
  year     = {2023},
  month    = {5},
  url      = {https://www.elewit.ventures/en/news/asumo-project},
  note     = {Diakses: 29 Desember 2025},
  abstract = {The ASUMO project is a cross-sectional initiative within Redeia that promotes the digitization and real-time management of substation assets, improving response times to incidents, optimizing processes of infrastructure development, and enhancing safety through advanced technologies like IoT, AI, and data analytics.}
}